<?xml version="1.0" encoding="UTF-8"?><collection xmlns="http://www.loc.gov/MARC21/slim"><record><leader>00467nam--2200181-u-4500</leader><controlfield tag="001">000056426</controlfield><controlfield tag="002">20161230</controlfield><controlfield tag="005">20170118004857</controlfield><controlfield tag="008">151007s1000------------r-----000-0-rus-d</controlfield><datafield ind1=" " ind2=" " tag="040"><subfield code="a">IFIN-HH</subfield></datafield><datafield ind1=" " ind2=" " tag="041"><subfield code="a">rus</subfield></datafield><datafield ind1=" " ind2=" " tag="080"><subfield code="a">53(075)</subfield></datafield><datafield ind1="1" ind2=" " tag="100"><subfield code="a">Sivuhin, D. V</subfield></datafield><datafield ind1="1" ind2="0" tag="245"><subfield code="a">Obsii kurs fiziki. Atomnaia i iadernaia fizika ceast 1. Atomania fizika</subfield><subfield code="c">D.V. Sivuhin</subfield></datafield><datafield ind1=" " ind2=" " tag="260"><subfield code="a">Moskva</subfield><subfield code="b">Nauka</subfield><subfield code="c">1986</subfield></datafield><datafield ind1=" " ind2=" " tag="300"><subfield code="a">416 p</subfield></datafield><datafield ind1=" " ind2=" " tag="852"><subfield code="a">79244</subfield></datafield><datafield ind1=" " ind2=" " tag="CAT"><subfield code="a">SYS</subfield><subfield code="c">20170118</subfield><subfield code="h">004857</subfield></datafield></record></collection>